<?xml version="1.0" encoding="UTF-8"?><collection xmlns="http://www.loc.gov/MARC21/slim"><record><leader>00505nam--2200193-u-4500</leader><controlfield tag="001">000055847</controlfield><controlfield tag="002">20161230</controlfield><controlfield tag="005">20161230201052</controlfield><controlfield tag="008">130808s1000------------r-----000-0-rus-d</controlfield><datafield ind1=" " ind2=" " tag="040"><subfield code="a">IFIN-HH</subfield></datafield><datafield ind1=" " ind2=" " tag="041"><subfield code="a">rus</subfield></datafield><datafield ind1=" " ind2=" " tag="080"><subfield code="a">519.863</subfield></datafield><datafield ind1="1" ind2=" " tag="100"><subfield code="a">Stoian, Iu.G</subfield></datafield><datafield ind1="1" ind2="0" tag="245"><subfield code="a">Metodi i algoritmi razmesenia ploskih geometriceskih obiektov</subfield><subfield code="c">Iu.g. stoian, n.i. gili</subfield></datafield><datafield ind1=" " ind2=" " tag="260"><subfield code="a">Kiev</subfield><subfield code="b">Naukova Dumka</subfield><subfield code="c">1976</subfield></datafield><datafield ind1=" " ind2=" " tag="300"><subfield code="a">246P</subfield></datafield><datafield ind1="1" ind2=" " tag="700"><subfield code="a">Gili, N.I</subfield></datafield><datafield ind1=" " ind2=" " tag="852"><subfield code="a">44239</subfield><subfield code="c">519.3</subfield></datafield><datafield ind1=" " ind2=" " tag="CAT"><subfield code="a">Sys</subfield><subfield code="c">20130808</subfield><subfield code="h">164429</subfield></datafield></record></collection>